@misc{
www_excilys,
author={Excilys},
title={Site web du groupe Excilys},
note={https://www.excilys.com/}
}

@misc{
capicofr,
author={Excilys},
title={Capico primaire},
note={http://www.capico.fr}
}

@misc{
www_gatling,
author={Excilys},
title={Gatling sur Github},
note={http://github.com/excilys/gatling}
}

@misc{
www_jmeter,
author={Fondation Apache},
title={JMeter},
note={http://jakarta.apache.org/jmeter}
}

@misc{
www_loadui,
author={SmartBear},
title={LoadUI},
note={http://loadui.org/}
}

@misc{
www_soapui,
author={SmartBear},
title={SoapUI},
note={http://www.soapui.org/}
}

@misc{
actor_model,
author={Communauté Wikipedia},
title={Modèle d'acteur},
note={http://fr.wikipedia.org/wiki/Modèle\_d'acteur}
}

@misc{
actor_model_en,
author={Communauté Wikipedia},
title={Modèle d'acteur [EN]},
note={http://en.wikipedia.org/wiki/Actor\_model}
}

@misc{
www_scala,
author={TypeSafe},
title={Site du langage Scala},
note={http://www.scala-lang.org}
}

@misc{
www_akka,
author={TypeSafe},
title={Site de la bibliothèque Akka},
note={http://akka.io}
}

@misc{
www_scalate,
author={Développeurs de Scalate},
title={Site de Scalate},
note={http://scalate.fusesource.org}
}

@misc{
www_ahc,
author={Jean François Arcand},
title={Async Http Client sur Github},
note={https://github.com/sonatype/async-http-client}
}



